<?xml version="1.0" encoding="UTF-8"?><collection xmlns="http://www.loc.gov/MARC21/slim"><record><leader>00477nam--2200169-i-4500</leader><controlfield tag="001">000036473</controlfield><controlfield tag="002">20161230</controlfield><controlfield tag="005">20170122231427</controlfield><controlfield tag="008">060222s1000------------r-----000-0-eng-d</controlfield><datafield ind1=" " ind2=" " tag="080"><subfield code="a">530.1(047.1)</subfield></datafield><datafield ind1=" " ind2=" " tag="100"><subfield code="a">Politzer, H. David</subfield></datafield><datafield ind1=" " ind2=" " tag="245"><subfield code="a">Electrproduction scaling in an asymptotically free theory of strong interactions</subfield></datafield><datafield ind1=" " ind2=" " tag="260"><subfield code="a">Cambridge</subfield><subfield code="b">Harvard Univ</subfield><subfield code="c">1974</subfield></datafield><datafield ind1=" " ind2=" " tag="300"><subfield code="a">13 p. + 1 Fig</subfield></datafield><datafield ind1=" " ind2=" " tag="700"><subfield code="a">Georgi, Howard</subfield></datafield><datafield ind1=" " ind2=" " tag="852"><subfield code="a">40680</subfield></datafield><datafield ind1=" " ind2=" " tag="CAT"><subfield code="a">SYS</subfield><subfield code="c">20170122</subfield><subfield code="h">231427</subfield></datafield></record></collection>